<record><leader>00000cas a2200000 a 4500</leader><controlfield tag="001">32451003</controlfield><controlfield tag="008">950510d181u1819tnuwr ne      0    0eng c</controlfield><datafield ind1=" " ind2=" " tag="010"><subfield code="a">sn 95079552 </subfield></datafield><datafield ind1=" " ind2=" " tag="040"><subfield code="a">NVK</subfield><subfield code="b">eng</subfield><subfield code="c">NVK</subfield><subfield code="d">CVF</subfield><subfield code="d">TGN</subfield><subfield code="d">NVK</subfield><subfield code="d">OCLCQ</subfield><subfield code="d">OCLCF</subfield><subfield code="d">OCLCO</subfield></datafield><datafield ind1=" " ind2=" " tag="019"><subfield code="a">44748557</subfield></datafield><datafield ind1="1" ind2=" " tag="029"><subfield code="a">AU@</subfield><subfield code="b">000011677625</subfield></datafield><datafield ind1=" " ind2=" " tag="042"><subfield code="a">pcc</subfield></datafield><datafield ind1=" " ind2=" " tag="043"><subfield code="a">n-us-tn</subfield></datafield><datafield ind1=" " ind2="4" tag="050"><subfield code="a">AN48.R6</subfield><subfield code="b">R63</subfield></datafield><datafield ind1="0" ind2="0" tag="245"><subfield code="a">Rogersville gazette and East-Tennessee Republican.</subfield></datafield><datafield ind1="3" ind2="0" tag="246"><subfield code="a">East-Tennessee Republican</subfield></datafield><datafield ind1=" " ind2=" " tag="260"><subfield code="a">Rogersville [Tenn.] :</subfield><subfield code="b">P. Carey</subfield></datafield><datafield ind1=" " ind2=" " tag="300"><subfield code="a">v.</subfield></datafield><datafield ind1=" " ind2=" " tag="310"><subfield code="a">Weekly</subfield></datafield><datafield ind1="1" ind2=" " tag="362"><subfield code="a">Ceased in 1819?</subfield><subfield code="z">Cf. Brigham, C.S. Amer. newspapers.</subfield></datafield><datafield ind1=" " ind2=" " tag="530"><subfield code="a">Microfilm available from the Tennessee State Library and Archives.</subfield></datafield><datafield ind1=" " ind2=" " tag="588"><subfield code="a">Description based on: Vol. 4, no. 50 (July 13, 1818) = total no. 206.</subfield></datafield><datafield ind1=" " ind2="0" tag="651"><subfield code="a">Rogersville (Tenn.)</subfield><subfield code="v">Newspapers.</subfield></datafield><datafield ind1=" " ind2="0" tag="651"><subfield code="a">Hawkins County (Tenn.)</subfield><subfield code="v">Newspapers.</subfield></datafield><datafield ind1=" " ind2="7" tag="655"><subfield code="a">Newspapers.</subfield><subfield code="2">fast</subfield><subfield code="0">(OCoLC)fst01423814</subfield></datafield><datafield ind1=" " ind2="7" tag="651"><subfield code="a">Tennessee</subfield><subfield code="z">Hawkins County.</subfield><subfield code="2">fast</subfield><subfield code="0">(OCoLC)fst01215417</subfield></datafield><datafield ind1=" " ind2="7" tag="651"><subfield code="a">Tennessee</subfield><subfield code="z">Rogersville.</subfield><subfield code="2">fast</subfield><subfield code="0">(OCoLC)fst01224282</subfield></datafield><datafield ind1=" " ind2=" " tag="752"><subfield code="a">United States</subfield><subfield code="b">Tennessee</subfield><subfield code="c">Hawkins</subfield><subfield code="d">Rogersville.</subfield></datafield><datafield ind1="0" ind2="0" tag="780"><subfield code="t">Rogersville gazette</subfield><subfield code="w">(DLC)sn 95079551</subfield></datafield></record>